@book{montgomery2002tour,
  title={A tour of subriemannian geometries, their geodesics and applications},
  author={Montgomery, Richard},
  number={91},
  year={2002},
  publisher={American Mathematical Soc.}
}

@book{lee2018introduction,
  title={Introduction to Riemannian manifolds},
  author={Lee, John M},
  year={2018},
  publisher={Springer}
}
